% This file was created with JabRef 2.9.2.
% Encoding: UTF8
@online{qtdoc,
author= {The Qt Company},
title = {Qt Documentation},
year = {2018},
url = {http://doc.qt.io/},
}

@book{qt532015,
  title={Qt 5.3: Профессиональное программирование на C++},
  author={Евгеньевич, Ш.М.},
  year={2015},
  publisher={БХВ-Петербург}
}
@book{Warren2007,
  title={Алгоритмические трюки для программистов: },
  author={Уоррен, Г.С.},
  year={2007},
  publisher={Вильямс}
}

@online{AzureDevops,
author={Microsoft},
title={Начало работы с Azure DevOps},
year={2019},
url={https://docs.microsoft.com/ru-ru/learn/modules/get-started-with-devops/}
}

@online{AutoTest,
title={Автоматизированное тестирование},
url={https://ru.wikipedia.org/wiki/Автоматизированное_тестирование},
urldate={09.02.2019}
}

@online{GTest,
	title={Google C++ Testing Framework},
	url={https://ru.wikipedia.org/wiki/Google_C%2B%2B_Testing_Framework},
	urldate={09.02.2019}
}

@online{metanitC,
title = {Язык программирования C++},
url = {https://metanit.com/cpp/tutorial/1.1.php},
}
@online{metanitCSharp,
	title = {Язык C Sharp и платформа .NET},
	url = {https://metanit.com/sharp/tutorial/1.1.php},
}
@online{mysql,
author = {Oracle},
title = {MySQL},
url = {https://www.mysql.com/},
}

@online{sqlite,
	author = {Oracle},
	title = {SQLite},
	url = {https://www.sqlite.org},
}

@online{SSBM,
	author = {Snipe Studio},
	title = {Snipe Studio Budget Manager},
	url = {https://sourceforge.net/projects/ssbm/},
}